<record><leader>00000cas a22000007a 4500</leader><controlfield tag="001">10740213</controlfield><controlfield tag="008">840516d18341856nyuwr ne      0    0eng d</controlfield><datafield ind1=" " ind2=" " tag="010"><subfield code="a">sn 84031240 </subfield></datafield><datafield ind1=" " ind2=" " tag="040"><subfield code="a">NYG</subfield><subfield code="b">eng</subfield><subfield code="c">NYG</subfield><subfield code="d">NPX</subfield><subfield code="d">NYG</subfield><subfield code="d">NYS</subfield><subfield code="d">OCL</subfield><subfield code="d">OCLCQ</subfield></datafield><datafield ind1=" " ind2=" " tag="042"><subfield code="a">msc</subfield></datafield><datafield ind1=" " ind2=" " tag="043"><subfield code="a">n-us-ny</subfield></datafield><datafield ind1="0" ind2=" " tag="130"><subfield code="a">Angelica reporter (Angelica, N.Y. : 1834)</subfield></datafield><datafield ind1="1" ind2="0" tag="245"><subfield code="a">Angelica reporter.</subfield></datafield><datafield ind1=" " ind2=" " tag="260"><subfield code="a">Angelica, N.Y. :</subfield><subfield code="b">William P. Angel</subfield></datafield><datafield ind1=" " ind2=" " tag="300"><subfield code="a">20 v.</subfield></datafield><datafield ind1=" " ind2=" " tag="310"><subfield code="a">Weekly</subfield></datafield><datafield ind1="1" ind2=" " tag="362"><subfield code="a">Began in 1834.</subfield><subfield code="z">Cf. Gregory, W. Amer. newspapers.</subfield></datafield><datafield ind1="0" ind2=" " tag="362"><subfield code="a">-v. 20, no. 5 (Aug. 19, 1856) = -whole no. 994.</subfield></datafield><datafield ind1=" " ind2=" " tag="500"><subfield code="a">Publishers: William Pitt Angel, &lt;1836&gt;; S.C. Wilson, &lt;1839&gt;; Purdy &amp; Horton, &lt;1844-1845&gt;; Charles Horton, &lt;1847&gt;-1856.</subfield></datafield><datafield ind1=" " ind2=" " tag="515"><subfield code="a">Suspended &lt;Jan. 1837&gt;; resumed with June 8, 1837 issue. Cf. Faibisoff, S.G. Bibl. of newspapers in 14 N.Y. counties.</subfield></datafield><datafield ind1=" " ind2=" " tag="530"><subfield code="a">Available on microfilm from Micro Photo Division, Bell and Howell.</subfield></datafield><datafield ind1=" " ind2=" " tag="588"><subfield code="a">Description based on: Vol. 2, no. 18 (Jan. 6, 1836).</subfield></datafield><datafield ind1=" " ind2="0" tag="651"><subfield code="a">Angelica (N.Y.)</subfield><subfield code="v">Newspapers.</subfield></datafield><datafield ind1=" " ind2=" " tag="752"><subfield code="a">United States</subfield><subfield code="b">New York</subfield><subfield code="c">Allegany</subfield><subfield code="d">Angelica.</subfield></datafield><datafield ind1="0" ind2="7" tag="785"><subfield code="t">Allegany Republican (Angelica, N.Y, : 1856)</subfield><subfield code="w">(DLC)sn 85025838</subfield></datafield><datafield ind1="0" ind2="7" tag="785"><subfield code="t">Angelica reporter and Allegany Republican</subfield><subfield code="w">(DLC)sn 85054479</subfield></datafield></record>